@inproceedings{buades2005non,
  author    = {Buades, A. and Coll, B. and Morel, J.-M.},
  booktitle = {2005 IEEE Computer Society Conference on Computer Vision and Pattern Recognition (CVPR'05)},
  title     = {A non-local algorithm for image denoising},
  year      = {2005},
  volume    = {2},
  number    = {},
  pages     = {60-65 vol. 2},
  keywords  = {Image denoising;Noise reduction;Algorithm design and analysis;Smoothing methods;Wiener filter;Filtering;Noise measurement;Digital images;Pixel;White noise},
  doi       = {10.1109/CVPR.2005.38}
}

@inproceedings{drossos2017automated,
  author    = {Drossos, Konstantinos and Adavanne, Sharath and Virtanen, Tuomas},
  booktitle = {2017 IEEE Workshop on Applications of Signal Processing to Audio and Acoustics (WASPAA)},
  title     = {Automated audio captioning with recurrent neural networks},
  year      = {2017},
  volume    = {},
  number    = {},
  pages     = {374-378},
  keywords  = {Decoding;Libraries;Training;Measurement;Feature extraction;Recurrent neural networks;audio captioning;recurrent neural networks;RNN;gated recurrent unit;GRU;attention mechanism},
  doi       = {10.1109/WASPAA.2017.8170058}
}

@inproceedings{gao2022simvp,
  title     = {Simvp: Simpler yet better video prediction},
  author    = {Gao, Zhangyang and Tan, Cheng and Wu, Lirong and Li, Stan Z},
  booktitle = {Proceedings of the IEEE/CVF Conference on Computer Vision and Pattern Recognition},
  pages     = {3170--3180},
  year      = {2022}
}

@article{hochreiter1997long,
  author  = {Hochreiter, Sepp and Schmidhuber, JÃ¼rgen},
  year    = {1997},
  month   = {12},
  pages   = {1735-80},
  title   = {Long Short-term Memory},
  volume  = {9},
  journal = {Neural computation},
  doi     = {10.1162/neco.1997.9.8.1735}
}
@article{mozer1995bptt,
  author  = {Mozer, Michael},
  year    = {1995},
  month   = {01},
  pages   = {},
  title   = {A Focused Backpropagation Algorithm for Temporal Pattern Recognition},
  volume  = {3},
  journal = {Complex Systems}
}
@inproceedings{nelson2017stock,
  author    = {Nelson, David M. Q. and Pereira, Adriano C. M. and de Oliveira, Renato A.},
  booktitle = {2017 International Joint Conference on Neural Networks (IJCNN)},
  title     = {Stock market's price movement prediction with LSTM neural networks},
  year      = {2017},
  volume    = {},
  number    = {},
  pages     = {1419-1426},
  keywords  = {Stock markets;Predictive models;Data models;Analytical models;Neural networks;Prediction algorithms;Machine learning algorithms},
  doi       = {10.1109/IJCNN.2017.7966019}
}
@article{opencv_library,
  author               = {Bradski, G.},
  citeulike-article-id = {2236121},
  journal              = {Dr. Dobb's Journal of Software Tools},
  keywords             = {bibtex-import},
  posted-at            = {2008-01-15 19:21:54},
  priority             = {4},
  title                = {{The OpenCV Library}},
  year                 = {2000}
}
@misc{shi2015convolutionallstmnetworkmachine,
  title         = {Convolutional LSTM Network: A Machine Learning Approach for Precipitation Nowcasting},
  author        = {Xingjian Shi and Zhourong Chen and Hao Wang and Dit-Yan Yeung and Wai-kin Wong and Wang-chun Woo},
  year          = {2015},
  eprint        = {1506.04214},
  archiveprefix = {arXiv},
  primaryclass  = {cs.CV},
  url           = {https://arxiv.org/abs/1506.04214}
}
@article{tan2022simvpv2,
  title   = {SimVP: Towards Simple yet Powerful Spatiotemporal Predictive Learning},
  author  = {Tan, Cheng and Gao, Zhangyang and Li, Siyuan and Li, Stan Z},
  journal = {arXiv preprint arXiv:2211.12509},
  year    = {2022}
}

@inproceedings{tan2023openstl,
  title     = {OpenSTL: A Comprehensive Benchmark of Spatio-Temporal Predictive Learning},
  author    = {Tan, Cheng and Li, Siyuan and Gao, Zhangyang and Guan, Wenfei and Wang, Zedong and Liu, Zicheng and Wu, Lirong and Li, Stan Z},
  booktitle = {Conference on Neural Information Processing Systems Datasets and Benchmarks Track},
  year      = {2023}
}
@inproceedings{tan2023temporal,
  title     = {Temporal attention unit: Towards efficient spatiotemporal predictive learning},
  author    = {Tan, Cheng and Gao, Zhangyang and Wu, Lirong and Xu, Yongjie and Xia, Jun and Li, Siyuan and Li, Stan Z},
  booktitle = {Proceedings of the IEEE/CVF Conference on Computer Vision and Pattern Recognition},
  pages     = {18770--18782},
  year      = {2023}
}
@misc{putzky2017recurrentinferencemachinessolving,
      title={Recurrent Inference Machines for Solving Inverse Problems}, 
      author={Patrick Putzky and Max Welling},
      year={2017},
      eprint={1706.04008},
      archivePrefix={arXiv},
      primaryClass={cs.NE},
      url={https://arxiv.org/abs/1706.04008}, 
}